%
%  all-biblatex.bib  2022-10-05  Mark Senn  http://bit.ly/marksenn
%
%  This is an example BibLaTeX data file.
%
%  BibLaTeX documentation is at
%  https://mirror.math.princeton.edu/pub/CTAN/macros/latex/contrib/biblatex/doc/biblatex.pdf
%
%  BibTeX documentation is at
%  https://ctan.math.utah.edu/ctan/tex-archive/biblio/bibtex/base/btxdoc.pdf
%
%                          ENTRY TYPES
%  ============================================================
%  BibLaTeX          BibTeX           Comment
%  -------------     -----------      -------------------------
%  article           article
%  artwork
%  audio
%  book              book
%  bookinbook
%  booklet           booklet
%  collection
%  commentary
%  conference[*]     conference       [*] same as inproceedings
%  custom[a-f]
%  dataset
%  electronic[*]                      [*] same as online
%  image
%  inbook            inbook
%  incollection      incollection
%  inproceedings     inproceedings
%  inreference
%  jurisdiction
%  legal
%  legislation
%  letter
%  manual            manual
%  mastersthesis     mastersthesis
%  misc              misc
%  movie
%  music
%  mvbook
%  mvcollection
%  mvproceedings
%  mvreference
%  online
%  patent
%  performance
%  periodical
%  phdthesis         phdthesis
%  proceedings       proceedings
%  reference
%  report
%  review
%  set
%  software
%  standard
%  suppbook
%  suppcollection
%  suppperiodical
%  techreport        techreport
%  thesis
%  unpublished       unpublished
%  video
%  www[*]                             [*] same as online
%  xdata
%
%
%                               FIELDS
%  =================================================================
%  BibLaTeX             BibTeX         Comment
%  --------             -----------    -----------------------------
%
%  abstract
%  addendum
%  address[*]           address        [*] an alias for location
%  afterword
%  annotation
%  annote[*]            annote         [*] an alias for annotation
%  annotator
%  archiveprefix[*]                    [*] an alias for eprinttype
%  author               author
%  authortype
%  bookauthor
%  bookpagination
%  booksubtitle
%  booktitle            booktitle
%  booktitleaddon
%                       chapter
%  commentator
%  crossref             crossref
%  date
%  doi
%  edition              edition
%  editor               editor
%  editora
%  editorb
%  editorc
%  editortype
%  editoratype
%  editorbtype
%  editorctype
%  eid
%  entryset
%  entrysubtype
%  eprint
%  eprintclass
%  eprinttype
%  eventdate
%  eventtitle
%  eventtitleaddon
%  execute
%  file
%  foreward
%  gender
%  holder
%  howpublished         howpublished
%  indextitle
%  ids
%  indexsorttitle
%  institution          institution
%  introduction
%  isan
%  isbn
%  ismn
%  isrn
%  issn
%  issue
%  issuesubtitle
%  issuetitle
%  issuetitleaddon
%  iswc
%  journal[*]           journal        [*] an alias for journaltitle
%  journalsubtitle
%  journaltitle
%  journaltitleaddon
%  key                  key            [*] an alias for sortkey
%  keywords
%  label
%  langid
%  language
%  langidopts
%  library
%  list[a-f]
%  location
%  mainsubtitle
%  maintitle
%  maintitleaddon
%  month                month
%  name[a-c]
%  name[a-c]type
%  nameaddon
%  note                 note
%  number               number
%  options
%  organization         organization
%  origdate
%  origlanguage
%  origlocation
%  origpublisher
%  origtitle
%  pages                pages
%  pagetotal
%  part
%  pdf                                 [*] an alias for file
%  presort
%  primaryclass[*]                     [*] an alias for eprintclass
%  publisher            publisher
%  pubstate
%  related
%  relatedoptions
%  relatedstring
%  relatedtype
%  reprinttitle
%  school[*]            school         [*] an alias for institution
%  series               series
%  shortauthor
%  shorteditor
%  shorthand
%  shorthandintro
%  shortjournal
%  shortseries
%  shorttitle
%  sortkey
%  sortname
%  sortshorthand
%  sorttitle
%  sortyear
%  title                title
%  titleaddon
%  translator
%  type                 type
%  url
%  urldate
%  user[a-f]
%  venue
%  verb[a-c]
%  version
%  volume               volume
%  volumes
%  xdata
%  xref
%  year                 year



%  I like to order the entries by author, and within author by date.
%  If, for example, I later added a second 1994 publication for Goossens,
%  I would give it the key, "goossens1994b".
%
%  From http://isbn.org/about_ISBN_standard
%      For more than thirty years, ISBNs were 10 digits long.
%      On January 1, 2007 the ISBN system switched to a 13-digit
%      format.  Now all ISBNs are 13-digits long.
%
%  The apa7-<number> references are from the _Publication Manual
%  of the American Psychological Association_, 7th edition,
%  pages 317--352.
%

% Introduction
@article{Chatrchyan:1129810,
      author = "{CMS Collaboration}",
      collaboration = "CMS",
      title         = "{The CMS experiment at the CERN LHC. The Compact Muon
                       Solenoid experiment}",
      journal       = "JINST",
      volume        = "3",
      pages         = "S08004",
      year          = "2008",
      url           = "http://cds.cern.ch/record/1129810",
      note          = "Also published by CERN Geneva in 2010",
      doi           = "10.1088/1748-0221/3/08/S08004",
}

